@article{bandara2013collaborative,
  title={Collaborative applications over peer-to-peer systems--challenges and solutions},
  author={Bandara, HMN Dilum and Jayasumana, Anura P},
  journal={Peer-to-Peer Networking and Applications},
  volume={6},
  number={3},
  pages={257--276},
  year={2013},
  publisher={Springer}
}

@incollection{gudes2009methods,
  title={Methods for computing trust and reputation while preserving privacy},
  author={Gudes, Ehud and Gal-Oz, Nurit and Grubshtein, Alon},
  booktitle={Data and Applications Security XXIII},
  pages={291--298},
  year={2009},
  publisher={Springer}
}

@article{sherwood2006cooperative,
  title={Cooperative peer groups in NICE},
  author={Sherwood, Rob and Lee, Seungjoon and Bhattacharjee, Bobby},
  journal={Computer Networks},
  volume={50},
  number={4},
  pages={523--544},
  year={2006},
  publisher={Elsevier}
}
@article{antoniadis2009self,
  title={Self-organised virtual communities: bridging the gap between web-based communities and P2P systems},
  author={Antoniadis, Panayotis and Le Grand, Benedicte},
  journal={International Journal of Web Based Communities},
  volume={5},
  number={2},
  pages={179--194},
  year={2009},
  publisher={Inderscience Publishers}
}
@article{punceva2015incentivising,
  title={Incentivising resource sharing in social clouds},
  author={Punceva, Magdalena and Rodero, Ivan and Parashar, Manish and Rana, Omer and Petri, Ioan and others},
  journal={Concurrency and Computation: Practice and Experience},
  volume={27},
  number={6},
  pages={1483--1497},
  year={2015},
  publisher={Wiley Online Library}
}
@inproceedings{cohen2003incentives,
  title={Incentives build robustness in BitTorrent},
  author={Cohen, Bram},
  booktitle={Workshop on Economics of Peer-to-Peer systems},
  volume={6},
  pages={68--72},
  year={2003}
}

@article{bobadilla2013recommender,
  title={Recommender systems survey},
  author={Bobadilla, Jes{\'u}s and Ortega, Fernando and Hernando, Antonio and Guti{\'e}rrez, Abraham},
  journal={Knowledge-Based Systems},
  volume={46},
  pages={109--132},
  year={2013},
  publisher={Elsevier}
}

@article{mekouar2012analysis,
  title={An analysis of peer similarity for recommendations in P2P systems},
  author={Mekouar, Loubna and Iraqi, Youssef and Boutaba, Raouf},
  journal={Multimedia Tools and Applications},
  volume={60},
  number={2},
  pages={277--303},
  year={2012},
  publisher={Springer}
}

@article{macbeth2015self,
  title={Self-organising management of user-generated data and knowledge},
  author={Macbeth, Sam and Pitt, Jeremy V},
  journal={The Knowledge Engineering Review},
  volume={30},
  number={03},
  pages={237--264},
  year={2015},
  publisher={Cambridge Univ Press}
}

@article{kautz1997referral,
  title={Referral Web: combining social networks and collaborative filtering},
  author={Kautz, Henry and Selman, Bart and Shah, Mehul},
  journal={Communications of the ACM},
  volume={40},
  number={3},
  pages={63--65},
  year={1997},
  publisher={ACM}
}

@incollection{vidal2005protocol,
  title={A protocol for a distributed recommender system},
  author={Vidal, Jos{\'e} M},
  booktitle={Trusting agents for trusting electronic societies},
  pages={200--217},
  year={2005},
  publisher={Springer}
}

@inproceedings{rezaei2010distributed,
  title={Distributed advice-seeking on an evolving social network},
  author={Rezaei, Golriz and Pfau, Jens and Kirley, Michael},
  booktitle={Web Intelligence and Intelligent Agent Technology (WI-IAT), 2010 IEEE/WIC/ACM International Conference on},
  volume={2},
  pages={24--31},
  year={2010},
  organization={IEEE}
}

@inproceedings{wang2004trust,
  title={Trust-based community formation in peer-to-peer file sharing networks},
  author={Wang, Yao and Vassileva, Julita},
  booktitle={Proceedings of the 2004 IEEE/WIC/ACM International Conference on Web Intelligence},
  pages={341--348},
  year={2004},
  organization={IEEE Computer Society}
}